@article{Stanley,
  title     = {Scaling, universality, and renormalization: Three pillars of modern critical phenomena},
  author    = {Stanley, H. Eugene},
  journal   = {Rev. Mod. Phys.},
  volume    = {71},
  issue     = {2},
  pages     = {S358--S366},
  numpages  = {0},
  year      = {1999},
  month     = {Mar},
  publisher = {American Physical Society},
  doi       = {10.1103/RevModPhys.71.S358},
  url       = {https://link.aps.org/doi/10.1103/RevModPhys.71.S358}
}

@article{Onsager,
  title     = {Crystal Statistics. I. A Two-Dimensional Model with an Order-Disorder Transition},
  author    = {Onsager, Lars},
  journal   = {Phys. Rev.},
  volume    = {65},
  issue     = {3-4},
  pages     = {117--149},
  numpages  = {0},
  year      = {1944},
  month     = {Feb},
  publisher = {American Physical Society},
  doi       = {10.1103/PhysRev.65.117},
  url       = {https://link.aps.org/doi/10.1103/PhysRev.65.117}
}

%\begin{thebibliography}{}
	
%	\bibitem{Onsager}
%	Lars Onsager,
%	\textit{Crystal Statistics. I. A Two-Dimensional Model with an Order-Disorder Transition},
%	Physical Review {\bf 65}, 117 (1944).